<record xmlns='http://www.loc.gov/MARC21/slim'><leader>02393ntm a2200493Ii 4500</leader><controlfield tag='001'>991058289559506011</controlfield><controlfield tag='005'>20220407114425.0</controlfield><controlfield tag='008'>220324s1400    fr  a         000 0 eng d</controlfield><datafield ind1=' ' ind2=' ' tag='035'><subfield code='a'>(OCoLC)1305312872h</subfield></datafield><datafield ind1=' ' ind2=' ' tag='035'><subfield code='a'>(OCoLC)on1305312872h</subfield></datafield><datafield ind1=' ' ind2=' ' tag='040'><subfield code='a'>HRH</subfield><subfield code='b'>eng</subfield><subfield code='e'>dcrmmss</subfield><subfield code='c'>HRH</subfield></datafield><datafield ind1=' ' ind2=' ' tag='041'><subfield code='a'>dut</subfield><subfield code='a'>lat</subfield></datafield><datafield ind1=' ' ind2=' ' tag='049'><subfield code='a'>HRHH</subfield></datafield><datafield ind1=' ' ind2='9' tag='099'><subfield code='a'>MS 3327, Container 3</subfield></datafield><datafield ind1='0' ind2='0' tag='245'><subfield code='a'>Book of hours</subfield><subfield code='k'>manuscript.</subfield></datafield><datafield ind1=' ' ind2='0' tag='264'><subfield code='a'>Flanders? ;</subfield><subfield code='c'>15th century</subfield></datafield><datafield ind1=' ' ind2=' ' tag='300'><subfield code='a'>103 leaves :</subfield><subfield code='b'>parchment, illustrations</subfield><subfield code='c'>16 x 18 cm</subfield></datafield><datafield ind1=' ' ind2=' ' tag='336'><subfield code='a'>text</subfield><subfield code='b'>txt</subfield><subfield code='2'>rdacontent</subfield></datafield><datafield ind1=' ' ind2=' ' tag='337'><subfield code='a'>unmediated</subfield><subfield code='b'>n</subfield><subfield code='2'>rdamedia</subfield></datafield><datafield ind1=' ' ind2=' ' tag='338'><subfield code='a'>volume</subfield><subfield code='b'>nc</subfield><subfield code='2'>rdacarrier</subfield></datafield><datafield ind1=' ' ind2=' ' tag='500'><subfield code='a'>Title devised by cataloger.</subfield></datafield><datafield ind1=' ' ind2=' ' tag='500'><subfield code='a'>Decorated with three full-page miniatures, sixteen text miniatures, and three large historiated initials.</subfield></datafield><datafield ind1=' ' ind2=' ' tag='500'><subfield code='a'>Gothic batarde script.</subfield></datafield><datafield ind1=' ' ind2=' ' tag='506'><subfield code='a'>Unrestricted in reading room, but coach user; available for classroom use in exhibit case only.</subfield></datafield><datafield ind1=' ' ind2=' ' tag='581'><subfield code='a'>Metzger, Philip A. Manuscript description, 1976.</subfield></datafield><datafield ind1=' ' ind2=' ' tag='581'><subfield code='a'>Cammack, Bruce. Manuscript description, 1985.</subfield></datafield><datafield ind1=' ' ind2=' ' tag='581'><subfield code='a'>Rappaport, Danielle-Jehanne. Manuscript description, 1988.</subfield></datafield><datafield ind1=' ' ind2=' ' tag='590'><subfield code='a'>MS 3327, Container 3:  I. B. Richards; Walter John Bruce Richards (1835-1904); acquired by the Ransom Center in 1963 with the Illuminated Manuscripts Collection from New York bookseller, Lew David Feldman (House of El Dieff). DIDB Record Number: 3355. Disbound; previous binding (full black tanned animal skin, Eng? 19th c?) retained as HRC 3a.</subfield></datafield><datafield ind1=' ' ind2=' ' tag='590'><subfield code='a'>A digital surrogate of Ransom Center copy MS 3327, Container 3 is available through the Digital Scriptorium.</subfield></datafield><datafield ind1=' ' ind2='7' tag='655'><subfield code='a'>Books of hours.</subfield><subfield code='2'>rbgenr</subfield></datafield><datafield ind1=' ' ind2='7' tag='655'><subfield code='a'>Decorated initials.</subfield><subfield code='2'>aat</subfield></datafield><datafield ind1=' ' ind2='7' tag='655'><subfield code='a'>Illuminated manuscripts.</subfield><subfield code='2'>aat</subfield></datafield><datafield ind1='1' ind2=' ' tag='790'><subfield code='a'>Richards, I. B.,</subfield><subfield code='e'>former owner.</subfield></datafield><datafield ind1='1' ind2=' ' tag='790'><subfield code='a'>Richards, Walter John Bruce, 1835-1904,</subfield><subfield code='e'>former owner.</subfield></datafield><datafield ind1='1' ind2=' ' tag='790'><subfield code='a'>Feldman, Lew David,</subfield><subfield code='e'>seller.</subfield></datafield><datafield ind1='2' ind2=' ' tag='791'><subfield code='a'>Medieval and Early Modern Manuscripts Collection.</subfield></datafield><datafield ind1=' ' ind2=' ' tag='752'><subfield code='a'>France</subfield><subfield code='d'>Flanders (France),</subfield><subfield code='e'>producation place.</subfield></datafield><datafield ind1='4' ind2='0' tag='856'><subfield code='u'>http://ds.lib.berkeley.edu/HRC003_37</subfield><subfield code='y'>Digital copy for MS 3327, Container 3</subfield></datafield><datafield ind1=' ' ind2=' ' tag='945'><subfield code='a'>blw</subfield></datafield><datafield ind1='1' ind2=' ' tag='979'><subfield code='a'>Richards, I. B.,</subfield><subfield code='e'>former owner.</subfield></datafield><datafield ind1='1' ind2=' ' tag='979'><subfield code='a'>Richards, Walter John Bruce, 1835-1904,</subfield><subfield code='e'>former owner.</subfield></datafield><datafield ind1='1' ind2=' ' tag='979'><subfield code='a'>Feldman, Lew David,</subfield><subfield code='e'>seller.</subfield></datafield><datafield ind1='2' ind2=' ' tag='979'><subfield code='a'>Medieval and Early Modern Manuscripts Collection.</subfield></datafield><datafield ind1=' ' ind2=' ' tag='994'><subfield code='a'>C0</subfield><subfield code='b'>HRH</subfield></datafield></record>
